@misc{Luger2021-showyourwork,
  author       = {{Luger}, Rodrigo},
  title        = {showyourwork},
  year         = {2021},
  publisher    = {GitHub},
  journal      = {GitHub repository},
  howpublished = {\url{https://github.com/rodluger/showyourwork}},
  commit       = {main}
}

@ARTICLE{Mackereth2019-astroNN-ages,
       author = {{Mackereth}, J. Ted and {Bovy}, Jo and {Leung}, Henry W. and {Schiavon}, Ricardo P. and {Trick}, Wilma H. and {Chaplin}, William J. and {Cunha}, Katia and {Feuillet}, Diane K. and {Majewski}, Steven R. and {Martig}, Marie and {Miglio}, Andrea and {Nidever}, David and {Pinsonneault}, Marc H. and {Aguirre}, Victor Silva and {Sobeck}, Jennifer and {Tayar}, Jamie and {Zasowski}, Gail},
        title = "{Dynamical heating across the Milky Way disc using APOGEE and Gaia}",
      journal = {\mnras},
     keywords = {Galaxy: disc, Galaxy: evolution, Galaxy: formation, Galaxy: kinematics and dynamics, Galaxy: stellar content, Astrophysics - Astrophysics of Galaxies},
         year = 2019,
        month = oct,
       volume = {489},
       number = {1},
        pages = {176-195},
          doi = {10.1093/mnras/stz1521},
archivePrefix = {arXiv},
       eprint = {1901.04502},
 primaryClass = {astro-ph.GA},
       adsurl = {https://ui.adsabs.harvard.edu/abs/2019MNRAS.489..176M},
      adsnote = {Provided by the SAO/NASA Astrophysics Data System}
}

@ARTICLE{Leung2019-astroNN-abund,
       author = {{Leung}, Henry W. and {Bovy}, Jo},
        title = "{Deep learning of multi-element abundances from high-resolution spectroscopic data}",
      journal = {\mnras},
     keywords = {methods: data analysis, techniques: spectroscopic, stars: abundances, stars: fundamental parameters, Astrophysics - Astrophysics of Galaxies, Astrophysics - Instrumentation and Methods for Astrophysics},
         year = 2019,
        month = mar,
       volume = {483},
       number = {3},
        pages = {3255-3277},
          doi = {10.1093/mnras/sty3217},
archivePrefix = {arXiv},
       eprint = {1808.04428},
 primaryClass = {astro-ph.GA},
       adsurl = {https://ui.adsabs.harvard.edu/abs/2019MNRAS.483.3255L},
      adsnote = {Provided by the SAO/NASA Astrophysics Data System}
}

%%%%%%%%%%%%%%%%%%%%%%%%%%%%%%%%%%%%%%%%
% Delay Time Distribution Measurements %
%%%%%%%%%%%%%%%%%%%%%%%%%%%%%%%%%%%%%%%%

@ARTICLE{Schonrich2009-RadialMixing,
       author = {{Sch{\"o}nrich}, Ralph and {Binney}, James},
        title = "{Chemical evolution with radial mixing}",
      journal = {\mnras},
     keywords = {galaxies: abundances, galaxies: evolution, galaxies: ISM, galaxies: kinematics and dynamics, Galaxy: disc, solar neighbourhood, Astrophysics},
         year = 2009,
        month = jun,
       volume = {396},
       number = {1},
        pages = {203-222},
          doi = {10.1111/j.1365-2966.2009.14750.x},
archivePrefix = {arXiv},
       eprint = {0809.3006},
 primaryClass = {astro-ph},
       adsurl = {https://ui.adsabs.harvard.edu/abs/2009MNRAS.396..203S},
      adsnote = {Provided by the SAO/NASA Astrophysics Data System}
}

@ARTICLE{Maoz2017-CosmicDTD,
       author = {{Maoz}, Dan and {Graur}, Or},
        title = "{Star Formation, Supernovae, Iron, and {\ensuremath{\alpha}}: Consistent Cosmic and Galactic Histories}",
      journal = {\apj},
     keywords = {nuclear reactions, nucleosynthesis, abundances, supernovae: general, Astrophysics - High Energy Astrophysical Phenomena, Astrophysics - Cosmology and Nongalactic Astrophysics, Astrophysics - Astrophysics of Galaxies},
         year = 2017,
        month = oct,
       volume = {848},
       number = {1},
          eid = {25},
        pages = {25},
          doi = {10.3847/1538-4357/aa8b6e},
archivePrefix = {arXiv},
       eprint = {1703.04540},
 primaryClass = {astro-ph.HE},
       adsurl = {https://ui.adsabs.harvard.edu/abs/2017ApJ...848...25M},
      adsnote = {Provided by the SAO/NASA Astrophysics Data System}
}

@ARTICLE{Stolger2020-ExponentialDTD,
       author = {{Strolger}, Louis-Gregory and {Rodney}, Steven A. and {Pacifici}, Camilla and {Narayan}, Gautham and {Graur}, Or},
        title = "{Delay Time Distributions of Type Ia Supernovae from Galaxy and Cosmic Star Formation Histories}",
      journal = {\apj},
     keywords = {1728, 1668, Astrophysics - Astrophysics of Galaxies, Astrophysics - Cosmology and Nongalactic Astrophysics, Astrophysics - High Energy Astrophysical Phenomena},
         year = 2020,
        month = feb,
       volume = {890},
       number = {2},
          eid = {140},
        pages = {140},
          doi = {10.3847/1538-4357/ab6a97},
archivePrefix = {arXiv},
       eprint = {2001.05967},
 primaryClass = {astro-ph.GA},
       adsurl = {https://ui.adsabs.harvard.edu/abs/2020ApJ...890..140S},
      adsnote = {Provided by the SAO/NASA Astrophysics Data System}
}

@ARTICLE{Wiseman2021-DESRates,
       author = {{Wiseman}, P. and {Sullivan}, M. and {Smith}, M. and {Frohmaier}, C. and {Vincenzi}, M. and {Graur}, O. and {Popovic}, B. and {Armstrong}, P. and {Brout}, D. and {Davis}, T.~M. and {Galbany}, L. and {Hinton}, S.~R. and {Kelsey}, L. and {Kessler}, R. and {Lidman}, C. and {M{\"o}ller}, A. and {Nichol}, R.~C. and {Rose}, B. and {Scolnic}, D. and {Toy}, M. and {Zontou}, Z. and {Asorey}, J. and {Carollo}, D. and {Glazebrook}, K. and {Lewis}, G.~F. and {Tucker}, B.~E. and {Abbott}, T.~M.~C. and {Aguena}, M. and {Allam}, S. and {Andrade-Oliveira}, F. and {Annis}, J. and {Bacon}, D. and {Bertin}, E. and {Brooks}, D. and {Buckley-Geer}, E. and {Burke}, D.~L. and {Carnero Rosell}, A. and {Carrasco Kind}, M. and {Carretero}, J. and {Costanzi}, M. and {da Costa}, L.~N. and {Pereira}, M.~E.~S. and {Desai}, S. and {Diehl}, H.~T. and {Doel}, P. and {Everett}, S. and {Ferrero}, I. and {Flaugher}, B. and {Fosalba}, P. and {Frieman}, J. and {Garc{\'\i}a-Bellido}, J. and {Gaztanaga}, E. and {Giannantonio}, T. and {Gruen}, D. and {Gruendl}, R.~A. and {Gschwend}, J. and {Gutierrez}, G. and {Hollowood}, D.~L. and {Honscheid}, K. and {Hoyle}, B. and {James}, D.~J. and {Krause}, E. and {Kuehn}, K. and {Kuropatkin}, N. and {Maia}, M.~A.~G. and {Marshall}, J.~L. and {Martini}, P. and {Menanteau}, F. and {Miquel}, R. and {Morgan}, R. and {Ogando}, R.~L.~C. and {Palmese}, A. and {Paz-Chinch{\'o}n}, F. and {Petravick}, D. and {Pieres}, A. and {Plazas Malag{\'o}n}, A.~A. and {Romer}, A.~K. and {Sanchez}, E. and {Scarpine}, V. and {Schubnell}, M. and {Serrano}, S. and {Sevilla-Noarbe}, I. and {Soares-Santos}, M. and {Suchyta}, E. and {Swanson}, M.~E.~C. and {Tarle}, G. and {Thomas}, D. and {To}, C. and {Varga}, T.~N. and {Walker}, A.~R. and {DES Collaboration}},
        title = "{Rates and delay times of Type Ia supernovae in the Dark Energy Survey}",
      journal = {\mnras},
     keywords = {supernovae: general, white dwarfs, galaxies: evolution, Astrophysics - Astrophysics of Galaxies, Astrophysics - Cosmology and Nongalactic Astrophysics, Astrophysics - High Energy Astrophysical Phenomena},
         year = 2021,
        month = sep,
       volume = {506},
       number = {3},
        pages = {3330-3348},
          doi = {10.1093/mnras/stab1943},
archivePrefix = {arXiv},
       eprint = {2105.11954},
 primaryClass = {astro-ph.GA},
       adsurl = {https://ui.adsabs.harvard.edu/abs/2021MNRAS.506.3330W},
      adsnote = {Provided by the SAO/NASA Astrophysics Data System}
}

@ARTICLE{Heringer2019-FieldGalaxyDTD,
       author = {{Heringer}, E. and {Pritchet}, C. and {van Kerkwijk}, M.~H.},
        title = "{The Delay Times of Type Ia Supernova}",
      journal = {\apj},
     keywords = {supernovae: general, Astrophysics - High Energy Astrophysical Phenomena, Astrophysics - Solar and Stellar Astrophysics},
         year = 2019,
        month = sep,
       volume = {882},
       number = {1},
          eid = {52},
        pages = {52},
          doi = {10.3847/1538-4357/ab32dd},
archivePrefix = {arXiv},
       eprint = {1905.00841},
 primaryClass = {astro-ph.HE},
       adsurl = {https://ui.adsabs.harvard.edu/abs/2019ApJ...882...52H},
      adsnote = {Provided by the SAO/NASA Astrophysics Data System}
}

@ARTICLE{Greggio2005-AnalyticalRates,
       author = {{Greggio}, L.},
        title = "{The rates of type Ia supernovae. I. Analytical formulations}",
      journal = {\aap},
     keywords = {stars: binaries: close, stars: supernovae: general, galaxies: evolution, galaxies: intergalactic medium, stars: white dwarfs, Astrophysics},
         year = 2005,
        month = oct,
       volume = {441},
       number = {3},
        pages = {1055-1078},
          doi = {10.1051/0004-6361:20052926},
archivePrefix = {arXiv},
       eprint = {astro-ph/0504376},
 primaryClass = {astro-ph},
       adsurl = {https://ui.adsabs.harvard.edu/abs/2005A&A...441.1055G},
      adsnote = {Provided by the SAO/NASA Astrophysics Data System}
}

