@misc{Luger2021-showyourwork,
  author       = {{Luger}, Rodrigo},
  title        = {showyourwork},
  year         = {2021},
  publisher    = {GitHub},
  journal      = {GitHub repository},
  howpublished = {\url{https://github.com/rodluger/showyourwork}},
  commit       = {main}
}

@ARTICLE{Mackereth2019-astroNN-ages,
       author = {{Mackereth}, J. Ted and {Bovy}, Jo and {Leung}, Henry W. and {Schiavon}, Ricardo P. and {Trick}, Wilma H. and {Chaplin}, William J. and {Cunha}, Katia and {Feuillet}, Diane K. and {Majewski}, Steven R. and {Martig}, Marie and {Miglio}, Andrea and {Nidever}, David and {Pinsonneault}, Marc H. and {Aguirre}, Victor Silva and {Sobeck}, Jennifer and {Tayar}, Jamie and {Zasowski}, Gail},
        title = "{Dynamical heating across the Milky Way disc using APOGEE and Gaia}",
      journal = {\mnras},
     keywords = {Galaxy: disc, Galaxy: evolution, Galaxy: formation, Galaxy: kinematics and dynamics, Galaxy: stellar content, Astrophysics - Astrophysics of Galaxies},
         year = 2019,
        month = oct,
       volume = {489},
       number = {1},
        pages = {176-195},
          doi = {10.1093/mnras/stz1521},
archivePrefix = {arXiv},
       eprint = {1901.04502},
 primaryClass = {astro-ph.GA},
       adsurl = {https://ui.adsabs.harvard.edu/abs/2019MNRAS.489..176M},
      adsnote = {Provided by the SAO/NASA Astrophysics Data System}
}

@ARTICLE{Leung2019-astroNN-abund,
       author = {{Leung}, Henry W. and {Bovy}, Jo},
        title = "{Deep learning of multi-element abundances from high-resolution spectroscopic data}",
      journal = {\mnras},
     keywords = {methods: data analysis, techniques: spectroscopic, stars: abundances, stars: fundamental parameters, Astrophysics - Astrophysics of Galaxies, Astrophysics - Instrumentation and Methods for Astrophysics},
         year = 2019,
        month = mar,
       volume = {483},
       number = {3},
        pages = {3255-3277},
          doi = {10.1093/mnras/sty3217},
archivePrefix = {arXiv},
       eprint = {1808.04428},
 primaryClass = {astro-ph.GA},
       adsurl = {https://ui.adsabs.harvard.edu/abs/2019MNRAS.483.3255L},
      adsnote = {Provided by the SAO/NASA Astrophysics Data System}
}

